@comment{

Este es el archivo de referencias bibliogr'aficas, que incluye tambi'en algunos
ejemplos de c'omo capturar la informaci'on de tus referencias.

Algunas de las referencias m'as comunes son art'iculos de revista,
estos se escriben como se muestra acontinuaci'on. Nota que los nombres
de los autores se separan siempre por la palabra " and ", *incluso* si el
documento de tesis est'a escrito en espa~nol. El sistema cambiara ese "and"
por el apropiado "y".

}





******  PARA CITAR EN LA GENERACION DE SEQ. RANDOM
@article{krick2014amino,
  title={Amino acid metabolism conflicts with protein diversity},
  author={Krick, Teresa and Verstraete, Nina and Alonso, Leonardo G and Shub, David A and Ferreiro, Diego U and Shub, Michael and S{\'a}nchez, Ignacio E},
  journal={Molecular biology and evolution},
  volume={31},
  number={11},
  pages={2905--2912},
  year={2014},
  publisher={SMBE}
}













***************************************
***************************************
*****   HERRAMIENTAS ******************
***************************************
***************************************





******   BLAST  *********
@article{altschul1990basic,
  title={Basic local alignment search tool},
  author={Altschul, Stephen F and Gish, Warren and Miller, Webb and Myers, Eugene W and Lipman, David J},
  journal={Journal of molecular biology},
  volume={215},
  number={3},
  pages={403--410},
  year={1990},
  publisher={Elsevier}
}

*******   BLAST  *********
@article{mcginnis2004blast,
  title={BLAST: at the core of a powerful and diverse set of sequence analysis tools},
  author={McGinnis, Scott and Madden, Thomas L},
  journal={Nucleic acids research},
  volume={32},
  number={suppl 2},
  pages={W20--W25},
  year={2004},
  publisher={Oxford Univ Press}
}



*******   SWISSPROT  *********
@article{bairoch2000swiss,
  title={The SWISS-PROT protein sequence database and its supplement TrEMBL in 2000},
  author={Bairoch, Amos and Apweiler, Rolf},
  journal={Nucleic acids research},
  volume={28},
  number={1},
  pages={45--48},
  year={2000},
  publisher={Oxford Univ Press}
}







*******  PAPER DONDE ESTAN LOS PATRONES QUE BUSCO DE FORMACION DE AMYLOID *********
@article{de2004sequence,
  title={Sequence determinants of amyloid fibril formation},
  author={de la Paz, Manuela Lopez and Serrano, Luis},
  journal={Proceedings of the National Academy of Sciences},
  volume={101},
  number={1},
  pages={87--92},
  year={2004},
  publisher={National Acad Sciences}
}


@article{de2002novo,
  title={De novo designed peptide-based amyloid fibrils},
  author={de la Paz, Manuela L{\'o}pez and Goldie, Kenneth and Zurdo, Jes{\'u}s and Lacroix, Emmanuel and Dobson, Christopher M and Hoenger, Andreas and Serrano, Luis},
  journal={Proceedings of the National Academy of Sciences},
  volume={99},
  number={25},
  pages={16052--16057},
  year={2002},
  publisher={National Acad Sciences}
}


@article{fuxreiter2007local,
  title={Local structural disorder imparts plasticity on linear motifs},
  author={Fuxreiter, Monika and Tompa, Peter and Simon, Istv{\'a}n},
  journal={Bioinformatics},
  volume={23},
  number={8},
  pages={950--956},
  year={2007},
  publisher={Oxford Univ Press}
}


******** WALTZ  *******************
@article{maurer2010exploring,
  title={Exploring the sequence determinants of amyloid structure using position-specific scoring matrices},
  author={Maurer-Stroh, Sebastian and Debulpaep, Maja and Kuemmerer, Nico and de la Paz, Manuela Lopez and Martins, Ivo Cristiano and Reumers, Joke and Morris, Kyle L and Copland, Alastair and Serpell, Louise and Serrano, Luis and others},
  journal={Nature methods},
  volume={7},
  number={3},
  pages={237--242},
  year={2010},
  publisher={Nature Publishing Group}
}






******************* ANCHOR METODO ************************
@article{meszaros2009prediction,
  title={Prediction of protein binding regions in disordered proteins},
  author={M{\'e}sz{\'a}ros, B{\'a}lint and Simon, Istv{\'a}n and Doszt{\'a}nyi, Zsuzsanna},
  journal={PLoS computational biology},
  volume={5},
  number={5},
  pages={e1000376},
  year={2009},
  publisher={Public Library of Science}
}


******************* ANCHOR WEB SERVER ************************

@article{dosztanyi2009anchor,
  title={ANCHOR: web server for predicting protein binding regions in disordered proteins},
  author={Doszt{\'a}nyi, Zsuzsanna and M{\'e}sz{\'a}ros, B{\'a}lint and Simon, Istv{\'a}n},
  journal={Bioinformatics},
  volume={25},
  number={20},
  pages={2745--2746},
  year={2009},
  publisher={Oxford Univ Press}
}




*******************   PAPER ELM **********************************


@article{puntervoll2003elm,
  title={ELM server: a new resource for investigating short functional sites in modular eukaryotic proteins},
  author={Puntervoll, P{\aa}l and Linding, Rune and Gem{\"u}nd, Christine and Chabanis-Davidson, Sophie and Mattingsdal, Morten and Cameron, Scott and Martin, David MA and Ausiello, Gabriele and Brannetti, Barbara and Costantini, Anna and others},
  journal={Nucleic acids research},
  volume={31},
  number={13},
  pages={3625--3630},
  year={2003},
  publisher={Oxford Univ Press}
}


@article{dinkel2013eukaryotic,
  title={The eukaryotic linear motif resource ELM: 10 years and counting},
  author={Dinkel, Holger and Van Roey, Kim and Michael, Sushama and Davey, Norman E and Weatheritt, Robert J and Born, Diana and Speck, Tobias and Kr{\"u}ger, Daniel and Grebnev, Gleb and Kuba{\'n}, Marta and others},
  journal={Nucleic acids research},
  pages={gkt1047},
  year={2013},
  publisher={Oxford Univ Press}
}


@article{diella2008understanding,
  title={Understanding eukaryotic linear motifs and their role in cell signaling and regulation},
  author={Diella, Francesca and Haslam, Niall and Chica, Claudia and Budd, Aidan and Michael, Sushama and Brown, Nigel P and Trav{\'e}, Gilles and Gibson, Toby J},
  journal={Front Biosci},
  volume={13},
  pages={6580--6603},
  year={2008},
  publisher={Citeseer}
}

@article{dinkel2011elm,
  title={ELMâ€”the database of eukaryotic linear motifs},
  author={Dinkel, Holger and Michael, Sushama and Weatheritt, Robert J and Davey, Norman E and Van Roey, Kim and Altenberg, Brigitte and Toedt, Grischa and Uyar, Bora and Seiler, Markus and Budd, Aidan and others},
  journal={Nucleic acids research},
  pages={gkr1064},
  year={2011},
  publisher={Oxford Univ Press}
}



******  IUPRED METODO ******
@article{dosztanyi2005pairwise,
  title={The pairwise energy content estimated from amino acid composition discriminates between folded and intrinsically unstructured proteins},
  author={Dosztanyi, Zsuzsanna and Csizmok, Veronika and Tompa, Peter and Simon, Istvan},
  journal={Journal of molecular biology},
  volume={347},
  number={4},
  pages={827--839},
  year={2005},
  publisher={Elsevier}
}



***********   IUPRED WEB SERVER *******************

@article{dosztanyi2005iupred,
  title={IUPred: web server for the prediction of intrinsically unstructured regions of proteins based on estimated energy content},
  author={Doszt{\'a}nyi, Zsuzsanna and Csizmok, Veronika and Tompa, Peter and Simon, Istv{\'a}n},
  journal={Bioinformatics},
  volume={21},
  number={16},
  pages={3433--3434},
  year={2005},
  publisher={Oxford Univ Press}
}





************   LIMBO  **************
@article{van2009accurate,
  title={Accurate prediction of DnaK-peptide binding via homology modelling and experimental data},
  author={Van Durme, Joost and Maurer-Stroh, Sebastian and Gallardo, Rodrigo and Wilkinson, Hannah and Rousseau, Frederic and Schymkowitz, Joost},
  journal={PLoS computational biology},
  volume={5},
  number={8},
  pages={e1000475},
  year={2009},
  publisher={Public Library of Science}
}




*********  PASTA ALGORITHM *****************	
@article{trovato2006insight,
  title={Insight into the structure of amyloid fibrils from the analysis of globular proteins},
  author={Trovato, Antonio and Chiti, Fabrizio and Maritan, Amos and Seno, Flavio},
  journal={PLoS computational biology},
  volume={2},
  number={12},
  pages={e170},
  year={2006},
  publisher={Public Library of Science}
}




******   PASTA SERVER ************
@article{walsh2014pasta,
  title={PASTA 2.0: an improved server for protein aggregation prediction},
  author={Walsh, Ian and Seno, Flavio and Tosatto, Silvio CE and Trovato, Antonio},
  journal={Nucleic acids research},
  volume={42},
  number={W1},
  pages={W301--W307},
  year={2014},
  publisher={Oxford Univ Press}
}





***********   PROSITE UNO ********
@article{sigrist2012new,
  title={New and continuing developments at PROSITE},
  author={Sigrist, Christian JA and De Castro, Edouard and Cerutti, Lorenzo and Cuche, B{\'e}atrice A and Hulo, Nicolas and Bridge, Alan and Bougueleret, Lydie and Xenarios, Ioannis},
  journal={Nucleic acids research},
  pages={gks1067},
  year={2012},
  publisher={Oxford Univ Press}
}




**********  TRANSMEMBRANA *************
@inproceedings{sonnhammer1998hidden,
  title={A hidden Markov model for predicting transmembrane helices in protein sequences.},
  author={Sonnhammer, Erik LL and Von Heijne, Gunnar and Krogh, Anders and others},
  booktitle={Ismb},
  volume={6},
  pages={175--182},
  year={1998}
}



**********  TRANSMEMBRANA *************
@article{krogh2001predicting,
  title={Predicting transmembrane protein topology with a hidden Markov model: application to complete genomes},
  author={Krogh, Anders and Larsson, Bjo{\`E}rn and Von Heijne, Gunnar and Sonnhammer, Erik LL},
  journal={Journal of molecular biology},
  volume={305},
  number={3},
  pages={567--580},
  year={2001},
  publisher={Elsevier}
}



