
************ ESTUDIO SOBRE TODOS LOS LINKERS EXTRAIDOS DE UNA BASE DE DATOS DE ESTRUCTURAS DE PROTEINAS
@article{george2002analysis,
  title={An analysis of protein domain linkers: their classification and role in protein folding},
  author={George, Richard A and Heringa, Jaap},
  journal={Protein Engineering},
  volume={15},
  number={11},
  pages={871--879},
  year={2002},
  publisher={Oxford Univ Press}
}


************  REVIEW DE FUSION LINKERS, DESIGN AND APPLICATION
@article{chen2013fusion,
  title={Fusion protein linkers: property, design and functionality},
  author={Chen, Xiaoying and Zaro, Jennica L and Shen, Wei-Chiang},
  journal={Advanced drug delivery reviews},
  volume={65},
  number={10},
  pages={1357--1369},
  year={2013},
  publisher={Elsevier}
}




****** REVIEW DE LINKERS USADOS PARA ESTUDIAR INTERACCIONES(DEBILES) ENTRE PROTEINAS
@article{reddy2013linkers,
  title={Linkers in the structural biology of protein--protein interactions},
  author={Reddy Chichili, Vishnu Priyanka and Kumar, Veerendra and Sivaraman, J},
  journal={Protein Science},
  volume={22},
  number={2},
  pages={153--167},
  year={2013},
  publisher={Wiley Online Library}
}



****** PROGRAM TO GENERATE LINKER SEQUENCES
@article{crasto2000linker,
  title={LINKER: a program to generate linker sequences for fusion proteins},
  author={Crasto, Chiquito J and Feng, Jin-an},
  journal={Protein engineering},
  volume={13},
  number={5},
  pages={309--312},
  year={2000},
  publisher={Oxford Univ Press}
}


********** WEB SERVER DE LINKER PROGRAM
@article{xue2004linker,
  title={LINKER: a web server to generate peptide sequences with extended conformation},
  author={Xue, Fan and Gu, Zhong and Feng, Jin-an},
  journal={Nucleic acids research},
  volume={32},
  number={suppl 2},
  pages={W562--W565},
  year={2004},
  publisher={Oxford Univ Press}
}
