**** BIBLIOGRAFIA SOBRE ARQUITECTURA, DOMINIOS, INGENIERIA DE PROTEINAS


@article{murzin1995scop,
  title="{SCOP: a structural classification of proteins database for the investigation of sequences and structures}",
  author={Murzin, Alexey G and Brenner, Steven E and Hubbard, Tim and Chothia, Cyrus},
  journal={Journal of molecular biology},
  volume={247},
  number={4},
  pages={536--540},
  year={1995},
  publisher={Elsevier}
}
 

@article{orengo1997cath,
  title="{CATH a hierarchic classification of protein domain structures}",
  author={Orengo, Christine A and Michie, AD and Jones, S and Jones, David T and Swindells, MB and Thornton, Janet M},
  journal={Structure},
  volume={5},
  number={8},
  pages={1093--1109},
  year={1997},
  publisher={Elsevier}
}

